@misc{cuppens2015fps,
  title={FPS 2014: 7th International Symposium on Foundations and Practice of Security: revised selected papers},
  author={Cuppens, Frédéric and Alfaro, Joaquin Garcia and Heywood, A Nur Zincir and Fong, Philip WL},
  year={2015}
}
@book{werner2013elliptische,
  title={Elliptische Kurven in der Kryptographie},
  author={Werner, Annette},
  year={2013},
  publisher={Springer-Verlag}
}
@article{barker2016recommendation,
  title={Recommendation for key management part 1: General (revision 4)},
  author={Barker, Elaine and Barker, William and Burr, William and Polk, William and Smid, Miles},
  journal={NIST special publication},
  volume={800},
  number={57},
  pages={1--147},
  year={2016}
}
@online{bernstein2016safecurves,
  title={SafeCurves: choosing safe curves for elliptic-curve cryptography.},
  author={Bernstein, Daniel J. and Lange, Tanja},
  url={https://safecurves.cr.yp.to},
  urldate={2017-03-13}
}
@online{wikiYassineMrabet,
	author={Yassine Mrabet},
	url={https://en.wikipedia.org/wiki/Elliptic_curve#/media/File:ECClines-3.svg},
	urldate={2017-03-13}
}

@inproceedings{bernstein2006curve25519,
	title={Curve25519: new Diffie-Hellman speed records},
	author={Bernstein, Daniel J},
	booktitle={International Workshop on Public Key Cryptography},
	pages={207--228},
	year={2006},
	organization={Springer}
}

@misc{cryptoeprint:2013:647,
	author = {Diego F. Aranha and Paulo S. L. M. Barreto and Geovandro C. C. F. Pereira and Jefferson E. Ricardini},
	title = {A note on high-security general-purpose elliptic curves},
	howpublished = {Cryptology ePrint Archive, Report 2013/647},
	year = {2013},
	note = {\url{http://eprint.iacr.org/2013/647}},
}